@article{PACS,
    author = "Stefano Guerrini, Moe Z. Win, Marco Chiani, Andrea Conti",
    title = "Quantum Discrimination of Noisy Photon-Added Coherent States",
}