% Bibliography of thesis

@book{quantumMec_Dirac,
    title={The Principles of Quantum Mechanics.},
    date={1981},
    author={P.A.M. Dirac},
    publisher={Oxford University Press}
}

@book{quantumMec_Neumann,
    title={Mathematical foundations of quantum mechanics.},
    date={1995},
    author={J. Von Neumann},
    publisher={Princeton University Press}
}